<record><leader>00000cas a2200000 a 4500</leader><controlfield tag="001">29461666</controlfield><controlfield tag="008">931210d19361986fludn ne      0    0eng c</controlfield><datafield ind1=" " ind2=" " tag="010"><subfield code="a">sn 93063708 </subfield></datafield><datafield ind1=" " ind2=" " tag="040"><subfield code="a">NYS</subfield><subfield code="b">eng</subfield><subfield code="c">NYS</subfield><subfield code="d">FUG</subfield><subfield code="d">OCL</subfield><subfield code="d">OCLCQ</subfield><subfield code="d">OCLCF</subfield><subfield code="d">OCLCO</subfield></datafield><datafield ind1=" " ind2=" " tag="012"><subfield code="i">9602</subfield></datafield><datafield ind1="1" ind2=" " tag="029"><subfield code="a">AU@</subfield><subfield code="b">000012678686</subfield></datafield><datafield ind1=" " ind2=" " tag="042"><subfield code="a">pcc</subfield></datafield><datafield ind1=" " ind2=" " tag="043"><subfield code="a">n-us-fl</subfield></datafield><datafield ind1="0" ind2="0" tag="245"><subfield code="a">Daytona Beach morning journal.</subfield></datafield><datafield ind1="1" ind2=" " tag="246"><subfield code="i">Issued during &lt;1986&gt; on Sunday as:</subfield><subfield code="a">Daytona Beach Sunday news-journal</subfield></datafield><datafield ind1=" " ind2=" " tag="260"><subfield code="a">[Daytona Beach, Fla.] :</subfield><subfield code="b">News-Journal Corp.,</subfield><subfield code="c">-1986.</subfield></datafield><datafield ind1=" " ind2=" " tag="300"><subfield code="a">v. :</subfield><subfield code="b">ill.</subfield></datafield><datafield ind1=" " ind2=" " tag="310"><subfield code="a">Daily (except Sunday)</subfield></datafield><datafield ind1="1" ind2=" " tag="362"><subfield code="a">Began in 1936.</subfield></datafield><datafield ind1="0" ind2=" " tag="362"><subfield code="a">-v. 58, no. 182 (Aug. 3, 1986).</subfield></datafield><datafield ind1=" " ind2=" " tag="588"><subfield code="a">Description based on: Vol. 61, no. 25 (Jan. 29, 1986).</subfield></datafield><datafield ind1=" " ind2="0" tag="651"><subfield code="a">Daytona Beach (Fla.)</subfield><subfield code="v">Newspapers.</subfield></datafield><datafield ind1=" " ind2="0" tag="651"><subfield code="a">Volusia County (Fla.)</subfield><subfield code="v">Newspapers.</subfield></datafield><datafield ind1=" " ind2="7" tag="655"><subfield code="a">Newspapers.</subfield><subfield code="2">fast</subfield><subfield code="0">(OCoLC)fst01423814</subfield></datafield><datafield ind1=" " ind2="7" tag="651"><subfield code="a">Florida</subfield><subfield code="z">Daytona Beach.</subfield><subfield code="2">fast</subfield><subfield code="0">(OCoLC)fst01202733</subfield></datafield><datafield ind1=" " ind2="7" tag="651"><subfield code="a">Florida</subfield><subfield code="z">Volusia County.</subfield><subfield code="2">fast</subfield><subfield code="0">(OCoLC)fst01204998</subfield></datafield><datafield ind1=" " ind2=" " tag="752"><subfield code="a">United States</subfield><subfield code="b">Florida</subfield><subfield code="c">Volusia</subfield><subfield code="d">Daytona Beach.</subfield></datafield><datafield ind1="0" ind2=" " tag="775"><subfield code="t">Volusian (Deltona, Fla.)</subfield><subfield code="w">(DLC)sn 96027154</subfield><subfield code="w">(OCoLC)34198842</subfield></datafield><datafield ind1="0" ind2="1" tag="780"><subfield code="t">Daytona Beach news-journal</subfield><subfield code="w">(DLC)sn 96027152</subfield><subfield code="w">(OCoLC)34198052</subfield></datafield><datafield ind1="0" ind2="7" tag="785"><subfield code="t">Daytona Beach evening news</subfield><subfield code="w">(DLC)sn 82015134</subfield><subfield code="w">(OCoLC)8852819</subfield></datafield><datafield ind1="0" ind2="7" tag="785"><subfield code="t">News-journal (Daytona Beach, Fla.)</subfield><subfield code="w">(DLC)sn 94057790</subfield><subfield code="w">(OCoLC)30711606</subfield></datafield><datafield ind1=" " ind2=" " tag="850"><subfield code="a">FU</subfield></datafield></record>